%
%  An example of a bibliographical database for bibTeX
%
%  Recommended software for maintenance of *.bib files:
%    JabRef, http://jabref.sourceforge.net/
%
%  BEWARE:
%
%    *  If a name contains a capital letter, which must be kept such,
%       use curly brackets ({T}hailand, {HIV}).
%
%  ===========================================================================


@ARTICLE{Bloom1970,
	author = {Burton H. Bloom},
	title = {Space/Time Trade-offs in Hash Coding with Allowable Errors},
	journal = {Communications of the ACM},
	year = {1970},
	volume = {13},
	pages = {422--426}
}

@INPROCEEDINGS{Guo06thedynamic,
	author = {Deke Guo and Jie Wu and Honghui Chen and Ye Yuan and Xueshan Luo},
	title = {The Dynamic Bloom Filters},
	booktitle = {In Proc. IEEE Infocom},
	year = {2006}
}

@article{DBLP:journals/corr/abs-1010-2196,
	author    = {T. Glek and
		Jan Hubicka},
	title     = {Optimizing real world applications with {GCC} Link Time Optimization},
	journal   = {CoRR},
	volume    = {abs/1010.2196},
	year      = {2010},
	url       = {http://arxiv.org/abs/1010.2196},
	timestamp = {Mon, 08 Aug 2016 19:55:36 +0200},
	biburl    = {http://dblp.uni-trier.de/rec/bib/journals/corr/abs-1010-2196},
	bibsource = {dblp computer science bibliography, http://dblp.org}
}



@article{Hardekopf:2007:AGF:1273442.1250767,
	author = {Hardekopf, Ben and Lin, Calvin},
	title = {The Ant and the Grasshopper: Fast and Accurate Pointer Analysis for Millions of Lines of Code},
	journal = {SIGPLAN Not.},
	issue_date = {June 2007},
	volume = {42},
	number = {6},
	month = jun,
	year = {2007},
	issn = {0362-1340},
	pages = {290--299},
	numpages = {10},
	url = {http://doi.acm.org/10.1145/1273442.1250767},
	doi = {10.1145/1273442.1250767},
	acmid = {1250767},
	publisher = {ACM},
	address = {New York, NY, USA},
	keywords = {pointer analysis},
} 




@article{Horwitz:1997:PFM:239912.239913,
	author = {Horwitz, Susan},
	title = {Precise Flow-insensitive May-alias Analysis is NP-hard},
	journal = {ACM Trans. Program. Lang. Syst.},
	issue_date = {Jan. 1997},
	volume = {19},
	number = {1},
	month = jan,
	year = {1997},
	issn = {0164-0925},
	pages = {1--6},
	numpages = {6},
	url = {http://doi.acm.org/10.1145/239912.239913},
	doi = {10.1145/239912.239913},
	acmid = {239913},
	publisher = {ACM},
	address = {New York, NY, USA},
	keywords = {alias analysis, dataflow analysis, pointer analysis, static analysis},
} 

@inproceedings{Landi:1991:PAP:99583.99599,
	author = {Landi, William and Ryder, Barbara G.},
	title = {Pointer-induced Aliasing: A Problem Classification},
	booktitle = {Proceedings of the 18th ACM SIGPLAN-SIGACT Symposium on Principles of Programming Languages},
	series = {POPL '91},
	year = {1991},
	isbn = {0-89791-419-8},
	location = {Orlando, Florida, USA},
	pages = {93--103},
	numpages = {11},
	url = {http://doi.acm.org/10.1145/99583.99599},
	doi = {10.1145/99583.99599},
	acmid = {99599},
	publisher = {ACM},
	address = {New York, NY, USA},
} 

@online{GCCDev:2005,
	author = {GCC developers},
	title = {{Link-Time Optimization in GCC: Requirements and High-Level Design}},
	year = 2005,
	url = {https://gcc.gnu.org/projects/lto/lto.pdf},
	urldate = {2016-12-29}
}

@online{LLVMAA,
	author = {LLVM developers},
	title = {{LLVM Alias Analysis Infrastructure}},
	url = {http://llvm.org/docs/AliasAnalysis.html},
	urldate = {2016-07-12}
}

@online{LLVM:DSA:Remove,
	author = {Chris Lattner},
	title = {Removing DSA from LLVM},
	url = {http://lists.llvm.org/pipermail/llvm-dev/2006-December/007557.html},
	urldate = {2016-07-12},
	year = 2006
}

@book{muchnick1997advanced,
  title={Advanced Compiler Design Implementation},
  author={Muchnick, S.S.},
  isbn={9781558603202},
  lccn={97013063},
  url={https://books.google.cz/books?id=Pq7pHwG1\_OkC},
  year={1997},
  publisher={Morgan Kaufmann Publishers}
}

@book{morgan1998building,
	title={Building an optimizing compiler},
	author={Morgan, Robert},
	year={1998},
	publisher={Digital Press}
}


@inproceedings{nasre2009,
	title={Scalable context-sensitive points-to analysis using multi-dimensional bloom filters},
	author={Nasre, Rupesh and Rajan, Kaushik and Govindarajan, Ramaswamy and Khedker, Uday P},
	booktitle={Asian Symposium on Programming Languages and Systems},
	pages={47--62},
	year={2009},
	organization={Springer}
}

@article{briggs2007whopr,
	title={WHOPR-Fast and Scalable Whole Program Optimizations in GCC},
	author={Briggs, Preston and Evans, Doug and Grant, Brian and Hundt, Robert and Maddox, William and Novillo, Diego and Park, Seongbae and Sehr, David and Taylor, Ian and Wild, Ollie},
	journal={Initial Draft},
	volume={12},
	year={2007}
}

@article{zheng2008demand,
	title={Demand-driven alias analysis for C},
	author={Zheng, Xin and Rugina, Radu},
	journal={ACM SIGPLAN Notices},
	volume={43},
	number={1},
	pages={197--208},
	year={2008},
	publisher={ACM}
}

@inproceedings{whaley2004,
	title={Cloning-based context-sensitive pointer alias analysis using binary decision diagrams},
	author={Whaley, John and Lam, Monica S},
	booktitle={ACM SIGPLAN Notices},
	volume={39},
	number={6},
	pages={131--144},
	year={2004},
	organization={ACM}
}

@inproceedings{pagh2005optimal,
	title={An optimal Bloom filter replacement},
	author={Pagh, Anna and Pagh, Rasmus and Rao, S Srinivasa},
	booktitle={Proceedings of the sixteenth annual ACM-SIAM symposium on Discrete algorithms},
	pages={823--829},
	year={2005},
	organization={Society for Industrial and Applied Mathematics}
}

@inproceedings{kirsch2006less,
	title={Less hashing, same performance: Building a better Bloom filter},
	author={Kirsch, Adam and Mitzenmacher, Michael},
	booktitle={European Symposium on Algorithms},
	pages={456--467},
	year={2006},
	organization={Springer}
}


@article{bose2008false,
	title={On the false-positive rate of Bloom filters},
	author={Bose, Prosenjit and Guo, Hua and Kranakis, Evangelos and Maheshwari, Anil and Morin, Pat and Morrison, Jason and Smid, Michiel and Tang, Yihui},
	journal={Information Processing Letters},
	volume={108},
	number={4},
	pages={210--213},
	year={2008},
	publisher={Elsevier}
}

@article{bddbddb,
	title={Alias analysis with bddbddb},
	author={Bierhoff, Kevin},
	journal={Star Project Report},
	pages={17--754},
	year={2005}
}

@TECHREPORT{Andersen94,
	author = {Lars Ole Andersen},
	title = {Program Analysis and Specialization for the C Programming Language},
	institution = {},
	year = {1994}
}

@book{aho1986compilers,
  title={Compilers: Principles, Techniques, and Tools},
  author={Aho, A.V. and Sethi, R. and Ullman, J.D.},
  isbn={9780201100884},
  lccn={lc85015647},
  series={Addison-Wesley series in computer science and information processing},
  url={https://books.google.cz/books?id=Ip9QAAAAMAAJ},
  year={1986},
  publisher={Addison-Wesley Publishing Company}
}

@inproceedings{Steensgaard96,
	author = {Steensgaard, Bjarne},
	title = {Points-to Analysis in Almost Linear Time},
	booktitle = {Proceedings of the 23rd ACM SIGPLAN-SIGACT Symposium on Principles of Programming Languages},
	series = {POPL '96},
	year = {1996},
	isbn = {0-89791-769-3},
	location = {St. Petersburg Beach, Florida, USA},
	pages = {32--41},
	numpages = {10},
	url = {http://doi.acm.org/10.1145/237721.237727},
	doi = {10.1145/237721.237727},
	acmid = {237727},
	publisher = {ACM},
	address = {New York, NY, USA},
} 


@TECHREPORT{Streckenbach00points-tofor,
	author = {Mirko Streckenbach and Gregor Snelting},
	title = {Points-To for Java: A General Framework and an Empirical Comparison},
	institution = {},
	year = {2000}
}
